<record><leader>00000cas a22000007a 4500</leader><controlfield tag="001">12089133</controlfield><controlfield tag="008">850529d18uu1856ohuwr ne      0    0eng d</controlfield><datafield ind1=" " ind2=" " tag="010"><subfield code="a">sn 85026198 </subfield></datafield><datafield ind1=" " ind2=" " tag="040"><subfield code="a">NPX</subfield><subfield code="b">eng</subfield><subfield code="c">NPX</subfield><subfield code="d">ONP</subfield><subfield code="d">OCLCQ</subfield><subfield code="d">FUG</subfield><subfield code="d">OCLCO</subfield><subfield code="d">OCLCF</subfield></datafield><datafield ind1=" " ind2=" " tag="042"><subfield code="a">msc</subfield></datafield><datafield ind1="0" ind2="4" tag="245"><subfield code="a">The Piqua weekly register.</subfield></datafield><datafield ind1=" " ind2=" " tag="260"><subfield code="a">Piqua, Ohio :</subfield><subfield code="b">[s.n.]</subfield></datafield><datafield ind1=" " ind2=" " tag="300"><subfield code="a">v.</subfield></datafield><datafield ind1=" " ind2=" " tag="310"><subfield code="a">Weekly</subfield></datafield><datafield ind1="1" ind2=" " tag="362"><subfield code="a">Ceased in 1856?</subfield><subfield code="z">Cf. Gutgesell, S. Guide to Ohio newspapers, 1974.</subfield></datafield><datafield ind1=" " ind2=" " tag="588"><subfield code="a">Description based on: Vol. 12, no. 4 (Dec. 24, 1852).</subfield></datafield><datafield ind1=" " ind2="0" tag="651"><subfield code="a">Piqua (Miami County, Ohio)</subfield><subfield code="v">Newspapers.</subfield></datafield><datafield ind1=" " ind2="7" tag="655"><subfield code="a">Newspapers.</subfield><subfield code="2">fast</subfield><subfield code="0">(OCoLC)fst01423814</subfield></datafield><datafield ind1=" " ind2="7" tag="651"><subfield code="a">Ohio</subfield><subfield code="z">Piqua (Miami County)</subfield><subfield code="2">fast</subfield><subfield code="0">(OCoLC)fst01313977</subfield></datafield><datafield ind1=" " ind2=" " tag="752"><subfield code="a">United States</subfield><subfield code="b">Ohio</subfield><subfield code="c">Miami</subfield><subfield code="d">Piqua.</subfield></datafield><datafield ind1="0" ind2=" " tag="775"><subfield code="t">Piqua tri-weekly register</subfield><subfield code="w">(DLC)sn 85026197</subfield></datafield><datafield ind1="0" ind2="0" tag="780"><subfield code="t">Piqua dollar weekly register</subfield><subfield code="w">(DLC)sn 88077113</subfield></datafield><datafield ind1="0" ind2="0" tag="785"><subfield code="t">Piqua register (Piqua, Ohio : 1857)</subfield><subfield code="w">(DLC)sn 88077114</subfield></datafield></record>